@Article{BrighamRCDuttonRP1990,
	title = "Bounds on the domination number of a graph",
	author = "R C Brigham and R P Dutton",
	journal = "The Quarterly Journal of Mathematics",
	volume = "41",
	number = "3",
	pages = "269--275",
	year = "1990"
}

@Article{BrooksRL1941,
	title = "On colouring the nodes of a network",
	author = "S L Brooks",
	journal = "Proceedings of the Cambridge Philosophical Society",
	volume = "37",
	pages = "194--197",
	year = "1941"
}












