@Article{critical,
	title = "Secure domination critical graphs",
	author = "P J P Grobler and C M Mynhardt",
	journal = "Discrete Mathematics",
	volume = "309",
	pages = "5820--5827",
	year = "2009"
}


@Article{finite,
	title = "Finite order domination in graphs",
	author = "A P Burger and E J Cockayne and W R Gr{\"u}ndlingh and C M Mynhardt and J H Van~Vuuren and W Winterbach",
	journal = "Journal of Combinatorial Mathematics and Combinatorial Computing",
	volume = "49",
	pages = "159--175",
	year = "2004"
}









